% Encoding: UTF-8

@WWW{audiohello,
  author = {girlhurl},
  title  = {Hello sample},
  url    = {http://www.freesound.org/people/girlhurl/sounds/339157/},
}

@Comment{jabref-meta: databaseType:biblatex;}
